@article{bestLim_1,
  title = {Improved Experimental Limit on the Electric Dipole Moment of the Neutron},
  author = {Baker, C. A. and Doyle, D. D. and Geltenbort, P. and Green, K. and van der Grinten, M. G. D. and Harris, P. G. and Iaydjiev, P. and Ivanov, S. N. and May, D. J. R. and Pendlebury, J. M. and Richardson, J. D. and Shiers, D. and Smith, K. F.},
  journal = {Phys. Rev. Lett.},
  volume = {97},
  issue = {13},
  pages = {131801},
  numpages = {4},
  year = {2006},
  month = {Sep},
  publisher = {American Physical Society},
  doi = {10.1103/PhysRevLett.97.131801},
  note = {[\url{https://link.aps.org/doi/10.1103/PhysRevLett.97.131801}]}
}


@article{bestLim_2,
  title = {Revised experimental upper limit on the electric dipole moment of the neutron},
  author = {J. M. Pendlebury et al.},
  journal = {Phys. Rev. D},
  volume = {92},
  issue = {9},
  pages = {092003},
  numpages = {22},
  year = {2015},
  month = {Nov},
  publisher = {American Physical Society},
  doi = {10.1103/PhysRevD.92.092003},
  note = {[\url{https://link.aps.org/doi/10.1103/PhysRevD.92.092003}]}
}

@article{bea_paper,
author = {Afach,S.  and Bison,G.  and Bodek,K.  and Burri,F.  and Chowdhuri,Z.  and Daum,M.  and Fertl,M.  and Franke,B.  and Grujic,Z.  and Hélaine,V.  and Henneck,R.  and Kasprzak,M.  and Kirch,K.  and Koch,H.-C.  and Kozela,A.  and Krempel,J.  and Lauss,B.  and Lefort,T.  and Lemière,Y.  and Meier,M.  and Naviliat-Cuncic,O.  and Piegsa,F. M.  and Pignol,G.  and Plonka-Spehr,C.  and Prashanth,P. N.  and Quéméner,G.  and Rebreyend,D.  and Roccia,S.  and Schmidt-Wellenburg,P.  and Schnabel,A.  and Severijns,N.  and Voigt,J.  and Weis,A.  and Wyszynski,G.  and Zejma,J.  and Zenner,J.  and Zsigmond,G. },
title = {Dynamic stabilization of the magnetic field surrounding the neutron electric dipole moment spectrometer at the Paul Scherrer Institute},
journal = {Journal of Applied Physics},
volume = {116},
number = {8},
pages = {084510},
year = {2014},
doi = {10.1063/1.4894158},

URL = { 
        https://doi.org/10.1063/1.4894158
    
},
note = {[\url{ 
        https://doi.org/10.1063/1.4894158}]
    
}

}
@article{comag_1,
  title = {Geometric-phase-induced false electric dipole moment signals for particles in traps},
  author = {Pendlebury, J. M. and Heil, W. and Sobolev, Yu. and Harris, P. G. and Richardson, J. D. and Baskin, R. J. and Doyle, D. D. and Geltenbort, P. and Green, K. and van der Grinten, M. G. D. and Iaydjiev, P. S. and Ivanov, S. N. and May, D. J. R. and Smith, K. F.},
  journal = {Phys. Rev. A},
  volume = {70},
  issue = {3},
  pages = {032102},
  numpages = {20},
  year = {2004},
  month = {Sep},
  publisher = {American Physical Society},
  doi = {10.1103/PhysRevA.70.032102},
  note = {[\url{https://link.aps.org/doi/10.1103/PhysRevA.70.032102}]}
}

@article{comag_2,
  title = {Detailed discussion of a linear electric field frequency shift induced in confined gases by a magnetic field gradient: Implications for neutron electric-dipole-moment experiments},
  author = {Lamoreaux, S. K. and Golub, R.},
  journal = {Phys. Rev. A},
  volume = {71},
  issue = {3},
  pages = {032104},
  numpages = {10},
  year = {2005},
  month = {Mar},
  publisher = {American Physical Society},
  doi = {10.1103/PhysRevA.71.032104},
  note = {[\url{https://link.aps.org/doi/10.1103/PhysRevA.71.032104}]}
}

@article{comag_3,
  title = {Electric-dipole-moment searches: Reexamination of frequency shifts for particles in traps},
  author = {Pignol, Guillaume and Roccia, St\'ephanie},
  journal = {Phys. Rev. A},
  volume = {85},
  issue = {4},
  pages = {042105},
  numpages = {5},
  year = {2012},
  month = {Apr},
  publisher = {American Physical Society},
  doi = {10.1103/PhysRevA.85.042105},
  note = {[\url{https://link.aps.org/doi/10.1103/PhysRevA.85.042105}]}
}

@article{comag_4,
  title = {Improved Limit on the Permanent Electric Dipole Moment of $^{199}\mathrm{Hg}$},
  author = {Griffith, W. C. and Swallows, M. D. and Loftus, T. H. and Romalis, M. V. and Heckel, B. R. and Fortson, E. N.},
  journal = {Phys. Rev. Lett.},
  volume = {102},
  issue = {10},
  pages = {101601},
  numpages = {4},
  year = {2009},
  month = {Mar},
  publisher = {American Physical Society},
  doi = {10.1103/PhysRevLett.102.101601},
  note = {[\url{https://link.aps.org/doi/10.1103/PhysRevLett.102.101601}]}
}

@article{msr_design,
author = {Altarev,I.  and Babcock,E.  and Beck,D.  and Burghoff,M.  and Chesnevskaya,S.  and Chupp,T.  and Degenkolb,S.  and Fan,I.  and Fierlinger,P.  and Frei,A.  and Gutsmiedl,E.  and Knappe-Grüneberg,S.  and Kuchler,F.  and Lauer,T.  and Link,P.  and Lins,T.  and Marino,M.  and McAndrew,J.  and Niessen,B.  and Paul,S.  and Petzoldt,G.  and Schläpfer,U.  and Schnabel,A.  and Sharma,S.  and Singh,J.  and Stoepler,R.  and Stuiber,S.  and Sturm,M.  and Taubenheim,B.  and Trahms,L.  and Voigt,J.  and Zechlau,T. },
title = {A magnetically shielded room with ultra low residual field and gradient},
journal = {Review of Scientific Instruments},
volume = {85},
number = {7},
pages = {075106},
year = {2014},
doi = {10.1063/1.4886146},
note = {[\url{https://doi.org/10.1063/1.4886146}]}
}

@article{ schiff_screen,
	author = {{Yoon, Boram} and {Bhattacharya, Tanmoy} and {Gupta, Rajan}},
	title = {Neutron Electric Dipole Moment on the Lattice},
	journal = {EPJ Web Conf.},
	year = "2018",
	volume = "175",
	pages = "01014",
	note = {[\url{https://doi.org/10.1051/epjconf/201817501014}]}
}

@article{psi,
      author         = "Schmidt-Wellenburg, P.",
      title          = "{The quest for an electric dipole moment of the neutron}",
      booktitle      = "{Proceedings, 11th Latin American Symposium on Nuclear
                        Physics and Applications: Medellin, Colombia}",
      journal        = "AIP Conf. Proc.",
      volume         = "1753",
      year           = "2016",
      pages          = "060002",
      doi            = "10.1063/1.4955363",
      note = {[\url{https://doi.org/10.1063/1.4955363}]}
}

@Article{psi_falseEDM,
author="Afach, S.
and Baker, C. A.
and Ban, G.
and Bison, G.
and Bodek, K.
and Chowdhuri, Z.
and Daum, M.
and Fertl, M.
and Franke, B.
and Geltenbort, P.
and Green, K.
and van der Grinten, M. G. D.
and Grujic, Z.
and Harris, P. G.
and Heil, W.
and H{\'e}laine, V.
and Henneck, R.
and Horras, M.
and Iaydjiev, P.
and Ivanov, S. N.
and Kasprzak, M.
and Kerma{\"i}dic, Y.
and Kirch, K.
and Knowles, P.
and Koch, H.-C.
and Komposch, S.
and Kozela, A.
and Krempel, J.
and Lauss, B.
and Lefort, T.
and Lemi{\`e}re, Y.
and Mtchedlishvili, A.
and Naviliat-Cuncic, O.
and Pendlebury, J. M.
and Piegsa, F. M.
and Pignol, G.
and Prashant, P. N.
and Qu{\'e}m{\'e}ner, G.
and Rebreyend, D.
and Ries, D.
and Roccia, S.
and Schmidt-Wellenburg, P.
and Severijns, N.
and Weis, A.
and Wursten, E.
and Wyszynski, G.
and Zejma, J.
and Zenner, J.
and Zsigmond, G.",
title="Measurement of a false electric dipole moment signal from 199Hg atoms exposed to an inhomogeneous magnetic field",
journal="The European Physical Journal D",
year="2015",
month="Oct",
day="06",
volume="69",
number="10",
pages="225",
issn="1434-6079",
doi="10.1140/epjd/e2015-60207-4",
url="https://doi.org/10.1140/epjd/e2015-60207-4",
note = {[\url{https://doi.org/10.1140/epjd/e2015-60207-4}]}
}

@article{rawlik_paper_coil,
author = {Rawlik, Michal and Crawford, C and Eggenberger, A and Kirch, K and Krempel, J and M. Piegsa, F and QuÃ©emÃ©ner, G},
year = {2017},
month = {09},
pages = {},
title = {A simple method of coil design},
volume = {86},
journal = {American Journal of Physics},
doi = {10.1119/1.5042244},
note = {[\url{https://arxiv.org/pdf/1709.04681.pdf}]}
}

@article{psi_n_gradient,
  title = {Observation of Gravitationally Induced Vertical Striation of Polarized Ultracold Neutrons by Spin-Echo Spectroscopy},
  author = {Afach, S. and Ayres, N. J. and Ban, G. and Bison, G. and Bodek, K. and Chowdhuri, Z. and Daum, M. and Fertl, M. and Franke, B. and Griffith, W. C. and Gruji\ifmmode \acute{c}\else \'{c}\fi{}, Z. D. and Harris, P. G. and Heil, W. and H\'elaine, V. and Kasprzak, M. and Kermaidic, Y. and Kirch, K. and Knowles, P. and Koch, H.-C. and Komposch, S. and Kozela, A. and Krempel, J. and Lauss, B. and Lefort, T. and Lemi\`ere, Y. and Mtchedlishvili, A. and Musgrave, M. and Naviliat-Cuncic, O. and Pendlebury, J. M. and Piegsa, F. M. and Pignol, G. and Plonka-Spehr, C. and Prashanth, P. N. and Qu\'em\'ener, G. and Rawlik, M. and Rebreyend, D. and Ries, D. and Roccia, S. and Rozpedzik, D. and Schmidt-Wellenburg, P. and Severijns, N. and Thorne, J. A. and Weis, A. and Wursten, E. and Wyszynski, G. and Zejma, J. and Zenner, J. and Zsigmond, G.},
  journal = {Phys. Rev. Lett.},
  volume = {115},
  issue = {16},
  pages = {162502},
  numpages = {6},
  year = {2015},
  month = {Oct},
  publisher = {American Physical Society},
  doi = {10.1103/PhysRevLett.115.162502},
  url = {https://link.aps.org/doi/10.1103/PhysRevLett.115.162502},
  note = {[\url{https://link.aps.org/doi/10.1103/PhysRevLett.115.162502}]}
}

@Article{psi_magnetometer,
author="Koch, Hans-Christian
and Bison, Georg
and Gruji{\'{c}}, Zoran D.
and Heil, Werner
and Kasprzak, Malgorzata
and Knowles, Paul
and Kraft, Andreas
and Pazgalev, Anatoly
and Schnabel, Allard
and Voigt, Jens
and Weis, Antoine",
title="Design and performance of an absolute 3He/Cs magnetometer",
journal="The European Physical Journal D",
year="2015",
month="Aug",
day="21",
volume="69",
number="8",
pages="202",
doi="10.1140/epjd/e2015-60018-7",
url="https://doi.org/10.1140/epjd/e2015-60018-7",
note = {[\url{https://doi.org/10.1140/epjd/e2015-60018-7}]}

}

@inproceedings{psi_n2edm_nEDM-workshop,
  author    = {Lauss, Bernhard},
  title     = {Status of the apparatus for the next phase of the neutron EDM search at PSI – n2EDM},
  booktitle = {Neutron Electric Dipole Moment Workshop, Harrison Hot Springs, BC, Canada, October 15-20, 2017},
  year= {2017},
  note = {[\url{https://meetings.triumf.ca/indico/event/10/session/0/contribution/1/material/slides/0.pdf}]}
  }
@misc{rawlikpriv ,
  author    = {Michal Rawlik},
  month = {October},
  year = {2017},
  howpublished = {Private communication}
}
@inproceedings{rawkliknedm2017,
  author    = {Michal Rawlik},
  title     = {External magnetic fields - mapping, monitoring and shielding},
  booktitle = {Neutron Electric Dipole Moment Workshop, Harrison Hot Springs, BC, Canada, October 15-20, 2017},
  year= {2017},
  note = {[\url{https://ucn.triumf.ca/edm/magnetic-shielding/active-compensation-our-r-d-efforts/material-from-michal-rawlik-psi-ethz-from-nedm2017-workshop}]}
  }
  
@inproceedings{mammei_presentation,
  author    = {Russell Mammei},
  title     = {Passive Magnetic Shield},
  booktitle = {TUCAN Collaboration Meeting, Japan, August 10-12, 2013},
  year= {2013},
  note = {[\url{https://ucn.triumf.ca/meetings-and-workshops/collaboration-meetings/japan-collaboration-meeting-august-10-12-2013/RussPassiveMagneticShieldingJuly2013CollabMtg.pdf}]}
}

  
@inproceedings{psi_n2edm_PPNS-workshop,
      author         = "Abel, C. and others",
      title          = "{The n2EDM experiment at the Paul Scherrer Institute}",
      booktitle      = "{International Workshop on Particle Physics at Neutron
                        Sources 2018 (PPNS 2018) Grenoble, France, May 24-26,
                        2018}",
      year           = "2018",
      eprint         = "1811.02340",
      note = {[\url{https://arxiv.org/pdf/1811.02340.pdf}]}
}

@article{sns_lim,
author = {PENG, JEN-CHIEH},
title = {NEUTRON ELECTRIC DIPOLE MOMENT EXPERIMENTS},
journal = {Modern Physics Letters A},
volume = {23},
number = {17n20},
pages = {1397-1408},
year = {2008},
doi = {10.1142/S0217732308027771},
note = "[\url{https://doi.org/10.1142/S0217732308027771}]"

}

@article{sns_false_edm,
  title = {Detailed discussion of a linear electric field frequency shift induced in confined gases by a magnetic field gradient: Implications for neutron electric-dipole-moment experiments},
  author = {Lamoreaux, S. K. and Golub, R.},
  journal = {Phys. Rev. A},
  volume = {71},
  issue = {3},
  pages = {032104},
  numpages = {10},
  year = {2005},
  month = {Mar},
  publisher = {American Physical Society},
  doi = {10.1103/PhysRevA.71.032104},
  url = {https://link.aps.org/doi/10.1103/PhysRevA.71.032104},
  note = "[\url{https://doi.org/10.1103/PhysRevA.71.032104}]"

}
@inproceedings{lanl_nEDM-workshop,
  author    = {Clayton, Steven},
  title     = {New effort to develop a new nEDM experiment at LANL},
  booktitle = {Neutron Electric Dipole Moment Workshop, Harrison Hot Springs, BC, Canada, October 15-20, 2017},
  year= {2017},
  note = {[\url{https://meetings.triumf.ca/indico/event/10/session/4/contribution/17/material/slides/0.pdf}]}
  }
  
@article{frm2,
      author         = "Altarev, I. and others",
      title          = "{A next generation measurement of the electric dipole
                        moment of the neutron at the FRM II}",
      booktitle      = "{5th International Workshop on From Parity Violation to
                        Hadronic Structure and More (PAVI11) Rome, Italy,
                        September 5-9, 2011}",
      journal        = "Nuovo Cim.",
      volume         = "C035N04",
      year           = "2012",
      pages          = "122-127",
      doi            = "10.1393/ncc/i2012-11271-0",
      note = "[\url{https://doi.org/10.1393/ncc/i2012-11271-0}]"

}

@Article{PNPI,
author="Serebrov, A. P.
and Kolomenskiy, E. A.
and Pirozhkov, A. N.
and Krasnoshekova, I. A.
and Vasiliev, A. V.
and Polyushkin, A. O.
and Lasakov, M. S.
and Murashkin, A. N.
and Solovey, V. A.
and Fomin, A. K.
and Shoka, I. V.
and Zherebtsov, O. M.
and Geltenbort, P.
and Ivanov, S. N.
and Zimmer, O.
and Alexandrov, E. B.
and Dmitriev, S. P.
and Dovator, N. A.",
title="New measurements of the neutron electric dipole moment with the Petersburg Nuclear Physics Institute double-chamber electric dipole moment spectrometer",
journal="Physics of Particles and Nuclei Letters",
year="2015",
month="Mar",
day="01",
volume="12",
number="2",
pages="286--296",
doi="10.1134/S1547477115020193",
url="https://doi.org/10.1134/S1547477115020193",
note = "[\url{https://doi.org/10.1134/S1547477115020193}]"
}

@article{shield_pnpi,
author = {Altarev,I.  and Bales,M.  and Beck,D. H.  and Chupp,T.  and Fierlinger,K.  and Fierlinger,P.  and Kuchler,F.  and Lins,T.  and Marino,M. G.  and Niessen,B.  and Petzoldt,G.  and Schläpfer,U.  and Schnabel,A.  and Singh,J. T.  and Stoepler,R.  and Stuiber,S.  and Sturm,M.  and Taubenheim,B.  and Voigt,J. },
title = {A large-scale magnetic shield with 106 damping at millihertz frequencies},
journal = {Journal of Applied Physics},
volume = {117},
number = {18},
pages = {183903},
year = {2015},
doi = {10.1063/1.4919366},
note = "[\url{https://doi.org/10.1063/1.4919366}]"
}

@article{shield_pnpi2,
      author         = "Altarev, I. and others",
      title          = "{Minimizing magnetic fields for precision experiments}",
      journal        = "J. Appl. Phys.",
      volume         = "117",
      year           = "2015",
      pages          = "233903",
      doi            = "10.1063/1.4922671",
      note = "[\url{https://doi.org/10.1063/1.4922671}]"
}

@inproceedings{pnpi_nEDM-workshop,
  author    = {Serebrov, Anatolii},
  title     = {Present status and future prospects of nEDM experiment in Grenoble and in Gatchina},
  booktitle = {Neutron Electric Dipole Moment Workshop, Ascona, Switzerland, November 2-6, 2014},
  year= {2014},
  note = {[\url{https://indico.psi.ch/getFile.py/access?contribId=36&sessionId=12&resId=0&materialId=slides&confId=2973}]}
  }
  
@article{expBar,
title = "Effective number of neutrinos and baryon asymmetry from BBN and WMAP",
journal = "Physics Letters B",
volume = "566",
number = "1",
pages = "8 - 18",
year = "2003",
issn = "0370-2693",
note = "[\url{https://doi.org/10.1016/S0370-2693(03)00800-1}]",
url = "http://www.sciencedirect.com/science/article/pii/S0370269303008001",
author = "V. Barger et al."
}

@article{Sakharov:1967dj,
author = "Sakharov, A. D.",
title = "{Violation of CP Invariance, c Asymmetry, and Baryon Asymmetry of the Universe}",
journal = "Pisma Zh. Eksp. Teor. Fiz.",
volume = "5",
year = "1967",
pages = "32-35",
note = "[\url{http://dx.doi.org/10.1070/PU1991v034n05ABEH002497}]",
SLACcitation   = "%%CITATION = ZFPRA,5,32;%%"
}

@book{jackson,
    author = {Jackson, J. D.},
     title = {Classical Electrodynamics},
   edition = {3rd},
 publisher = {John Wiley \& Sons Inc.},
   address = {New York},
      year = {1999},
     pages = {xxii+808},
   mrclass = {78.00},
  mrnumber = {MR0436782 (55 \#9721)},
 mrreviewer = {T. Kahan},
      isbn = {0-471-30932-X},
      note = "See \S5.12.",
     zblno = {0920.00012}}

@article{CB1,
author = {C. P. Bidinosti and J. W. Martin},
title = {Passive magnetic shielding in static gradient fields},
journal = {AIP Advances},
volume = {4},
number = {4},
pages = {047135},
year = {2014},
doi = {10.1063/1.4873714},
URL = { https://doi.org/10.1063/1.4873714},
note = {[\url{https://doi.org/10.1063/1.4873714}]}
}

@book{smythe,
  title={Static and Dynamic Electricity},
  author={Smythe, W.R.},
  lccn={67028086},
  edition = {2nd},
  address = {New York},
  note={[\url{https://books.google.ca/books?id=7P0gAAAAMAAJ}]},
  year={1950},
  note = "\S5.23, \S7.12, \S7.14 and \S7.17.",
  publisher={McGraw-Hill}
}

@article{flux1,
title = "Review of fluxgate sensors",
journal = "Sensors and Actuators A: Physical",
volume = "33",
number = "3",
pages = "129 - 141",
year = "1992",
issn = "0924-4247",
note = "[\url{https://doi.org/10.1016/0924-4247(92)80159-Z}]",
url = "http://www.sciencedirect.com/science/article/pii/092442479280159Z",
author = "Pavel Ripka"
}

@misc{Mathematica,
  author = {Wolfram Research{,} Inc.},
  title = {Mathematica, {V}ersion 11.3},
  note = {Champaign, IL, 2018}
}

@misc{flux,
author = {Bartington Instruments Ltd.},
title = "Three-Axis Fluxgate Magnetometers",
note = {[ \url{http://www.bartington.com/catalogs/three-axis-fluxgate-magnetometers}]}
}

@PHDTHESIS{bea,
	author = {Franke, Beatrice},
	publisher = {ETH-Zürich},
	year = {2013},
	language = {en},
	copyright = {In Copyright - Non-Commercial Use Permitted},
	size = {161 S.},
	adress = {Zürich},
	DOI = {10.3929/ethz-a-010144564},
	title = {Investigations of the internal and external magnetic fields of the neutron electric dipole moment experiment at the Paul Scherrer Institute},
    note      = {[\url{https://doi.org/10.3929/ethz-a-010144564}]},
	school = {ETH Zurich}
}

@PHDTHESIS{rawlik,
	author = {Rawlik, Michał},
	publisher = {ETH Zurich},
	year = {2018},
	language = {en},
	copyright = {In Copyright - Non-Commercial Use Permitted},
	size = {148 p.},
	adress = {Zurich},
	DOI = {10.3929/ethz-b-000273039},
	title = {Active Magnetic Shielding and Axion-Dark-Matter Search},
	school = {ETH Zurich},
    note      = {[\url{https://doi.org/10.3929/ethz-b-000273039}]}
	
}

@book{tikhonov2013numerical,
  title={Numerical Methods for the Solution of Ill-Posed Problems},
  author={A. N. Tikhonov, A. V. Goncharsky, V. V. Stepanov and A. G. Yagola},
  isbn={9789401584807},
  series={Mathematics and Its Applications},
  url={https://books.google.ca/books?id=EufzCAAAQBAJ},
  year={2013},
  note ={[\url{10.1007/978-94-015-8480-7}]},
  publisher={Springer Netherlands}
}


@book{reg1,
  title={Solutions of ill-posed problems},
  author={Tikhonov, A.N. and Arsenin, V.I.A.},
  isbn={9780470991244},
  lccn={77003422},
  series={Scripta series in mathematics},
  note={[\url{https://books.google.ca/books?id=ECrvAAAAMAAJ}]},
  year={1977},
  publisher={Winston}
}

@book{reg2,
  title={Regularization of Inverse Problems},
  author={Engl, H.W. and Hanke, M. and Neubauer, A.},
  isbn={9780792341574},
  lccn={lc96028672},
  series={Mathematics and Its Applications},
  note={[\url{https://books.google.ca/books?id=2bzgmMv5EVcC}]},
  year={1996},
  publisher={Springer Netherlands}
}

@book{pid,
 author = {Astrom, Karl Johan and Murray, Richard M.},
 title = {Feedback Systems: An Introduction for Scientists and Engineers},
 year = {2008},
 ISBN = {0691135762, 9780691135762},
 publisher = {Princeton University Press},
 address = {Princeton, NJ, USA},
 note = "\S Chapter 10",
} 

@book{tuning,
  author    = {John A. Shaw}, 
  title     = {The PID Control Algorithm,Process Control Solutions},
  year      = 2003,
  address   = {New York},
  edition   = {2nd},
  month     = {December},
  note = {[\url{http://www.picvietnam.com/download/PIDcontrolbook2.pdf}]}
}

@article{tuning_ZN,
    author = {Ziegler, J. G. and Nichols, N. B.},
    journal = {Transactions of ASME},
    pages = {759--768},
    title = {{Optimum Settings for Automatic Controllers}},
    volume = {64},
    year = {1942},
    note = {[\url{http://www.driedger.ca/Z-N/Ziegler.pdf}]}
}

@misc{tuning_formula,
title = {The Design of PID Controllers using Ziegler Nichols Tuning},
author = {Copeland, Brian R.},
year = {March 2008},
date = {March},
note ={[\url{http://educypedia.karadimov.info/library/Ziegler_Nichols.pdf}]}
}

@misc{dft,
title = {{Spectrum and spectral density estimation by the Discrete Fourier transform (DFT), including a comprehensive list of window functions and some new at-top windows}},
author = {Heinzel, Gerhard and R\"udiger, Albrecht and Schilling, Roland},
year = {2002},
date = {2002},
note ={[\url{https://holometer.fnal.gov/GH_FFT.pdf}]}
}

@article{pseudo,
author = {J. C. A. Barata and M. S. Hussein},
title="The Moore--Penrose Pseudoinverse: A Tutorial Review of the Theory",
journal="Brazilian Journal of Physics",
year="2012",
month="Apr",
day="01",
volume="42",
number="1",
pages="146--165",
issn="1678-4448",
doi={10.1007/s13538-011-0052-z},
note="[\url{https://doi.org/10.1007/s13538-011-0052-z}]"
}

@article{svd,
author = {G. Golub and W. Kahan },
title = {Calculating the Singular Values and Pseudo-Inverse of a Matrix},
journal = {Journal of the Society for Industrial and Applied Mathematics Series B Numerical Analysis},
volume = {2},
number = {2},
pages = {205-224},
year = {1965},
doi = {10.1137/0702016},
note = {[\url{https://doi.org/10.1137/0702016}]},
eprint = {https://doi.org/10.1137/0702016}}

@INPROCEEDINGS{cond_m_size, 
author={A. Pyzara and B. Bylina and J. Bylina}, 
booktitle={2011 Federated Conference on Computer Science and Information Systems (FedCSIS)}, 
title={The influence of a matrix condition number on iterative methods' convergence}, 
year={2011}, 
pages={459-464}, 
month={Sep.},
note = {[\url{https://citeseerx.ist.psu.edu/viewdoc/download?doi=10.1.1.231.4346&rep=rep1&type=pdf}]}}

@misc{T7,
author = {LabJack Corporation},
title = {A-3-1 Noise and Resolution [T-Series Datasheet]},
note = {[\url{https://labjack.com/support/datasheets/t-series/appendix-a-3-1}]}
}

@misc{fWizard,
author = {Analog Devices},
title = {Analog Filter Wizard},
note = {[\url{http://www.analog.com/designtools/en/filterwizard/}]}
}

@misc{mu-metal,
author = {Amuneal Manufacturing Corp},
note   = {Philadelphia, PA, USA}
}

@article{1_lim,
  title = {Experimental Limit to the Electric Dipole Moment of the Neutron},
  author = {Smith, J. H. and Purcell, E. M. and Ramsey, N. F.},
  journal = {Phys. Rev.},
  volume = {108},
  issue = {1},
  pages = {120--122},
  numpages = {0},
  year = {1957},
  month = {Oct},
  publisher = {American Physical Society},
  doi = {10.1103/PhysRev.108.120},
  note = {[\url{https://link.aps.org/doi/10.1103/PhysRev.108.120}]}
}

@article{2_lim,
  title = {Limit to the Electric Dipole Moment of the Neutron},
  author = {Miller, P. D. and Dress, W. B. and Baird, J. K. and Ramsey, Norman F.},
  journal = {Phys. Rev. Lett.},
  volume = {19},
  issue = {7},
  pages = {381--384},
  numpages = {0},
  year = {1967},
  month = {Aug},
  publisher = {American Physical Society},
  doi = {10.1103/PhysRevLett.19.381},
  note = {[\url{https://link.aps.org/doi/10.1103/PhysRevLett.19.381}]}
}

@article{3_lim,
  title = {Search for a Neutron Electric Dipole Moment by a Scattering Experiment},
  author = {Shull, C. G. and Nathans, R.},
  journal = {Phys. Rev. Lett.},
  volume = {19},
  issue = {7},
  pages = {384--386},
  numpages = {0},
  year = {1967},
  month = {Aug},
  publisher = {American Physical Society},
  doi = {10.1103/PhysRevLett.19.384},
  note = {[\url{https://link.aps.org/doi/10.1103/PhysRevLett.19.384}]}
}
@article{4_lim,
  title = {Upper Limit for the Electric Dipole Moment of the Neutron},
  author = {Dress, W. B. and Baird, J. K. and Miller, P. D. and Ramsey, Norman F.},
  journal = {Phys. Rev.},
  volume = {170},
  issue = {5},
  pages = {1200--1206},
  numpages = {0},
  year = {1968},
  month = {Jun},
  publisher = {American Physical Society},
  doi = {10.1103/PhysRev.170.1200},
  note = {[\url{https://link.aps.org/doi/10.1103/PhysRev.170.1200}]}
}
@article{5_lim,
  title = {Electric Dipole Moment of the Neutron},
  author = {Cohen, Victor W. and Nathans, Robert and Silsbee, H. B. and Lipworth, Edgar and Ramsey, Norman F.},
  journal = {Phys. Rev.},
  volume = {177},
  issue = {5},
  pages = {1942--1945},
  numpages = {0},
  year = {1969},
  month = {Jan},
  publisher = {American Physical Society},
  doi = {10.1103/PhysRev.177.1942},
  note = {[\url{https://link.aps.org/doi/10.1103/PhysRev.177.1942}]}
}
@article{6_lim,
  title = {Improved Upper Limit to the Electric Dipole Moment of the Neutron},
  author = {Baird, J. K. and Miller, P. D. and Dress, W. B. and Ramsey, Norman F.},
  journal = {Phys. Rev.},
  volume = {179},
  issue = {5},
  pages = {1285--1291},
  numpages = {0},
  year = {1969},
  month = {Mar},
  publisher = {American Physical Society},
  doi = {10.1103/PhysRev.179.1285},
  note = {[\url{https://link.aps.org/doi/10.1103/PhysRev.179.1285}]}
}
@article{7_lim,
  title = {Improved Upper Limit for the Electric Dipole Moment of the Neutron},
  author = {Dress, W. B. and Miller, P. D. and Ramsey, N. F.},
  journal = {Phys. Rev. D},
  volume = {7},
  issue = {11},
  pages = {3147--3149},
  numpages = {0},
  year = {1973},
  month = {Jun},
  publisher = {American Physical Society},
  doi = {10.1103/PhysRevD.7.3147},
  note = {[\url{https://link.aps.org/doi/10.1103/PhysRevD.7.3147}]}
}
@article{8_lim,
  title = {Search for an electric dipole moment of the neutron},
  author = {Dress, W. B. and Miller, P. D. and Pendlebury, J. M. and Perrin, Paul and Ramsey, Norman F.},
  journal = {Phys. Rev. D},
  volume = {15},
  issue = {1},
  pages = {9--21},
  numpages = {0},
  year = {1977},
  month = {Jan},
  publisher = {American Physical Society},
  doi = {10.1103/PhysRevD.15.9},
  note = {[\url{https://link.aps.org/doi/10.1103/PhysRevD.15.9}]}
}

@article{9_lim,
title = "A search for the electric dipole moment of the neutron using ultracold neutrons",
journal = "Nuclear Physics A",
volume = "341",
number = "2",
pages = "269 - 283",
year = "1980",
issn = "0375-9474",
note = {[\url{https://doi.org/10.1016/0375-9474(80)90313-9}]},
url = "http://www.sciencedirect.com/science/article/pii/0375947480903139",
author = "I.S. Altarev and Yu.V. Borisov and A.B. Brandin and A.I. Egorov and V.F. Ezhov and S.N. Ivanov and V.M. Lobashov and V.A. Nazarenko and G.D. Porsev and V.L. Ryabov and A.P. Serebrov and R.R. Taldaev"
}
@article{10_lim,
title = "A new upper limit on the electric dipole moment of the neutron",
journal = "Physics Letters B",
volume = "102",
number = "1",
pages = "13 - 16",
year = "1981",
issn = "0370-2693",
note = {[\url{https://doi.org/10.1016/0370-2693(81)90202-1}]},
url = "http://www.sciencedirect.com/science/article/pii/0370269381902021",
author = "I.S. Altarev and Yu.V. Borisov and N.V. Borovikova and A.B. Brandin and A.I. Egorov and V.F. Ezhov and S.N. Ivanov and V.M. Lobashev and V.A. Nazarenko and V.L. Ryabov and A.P. Serebrov and R.R. Taldaev"
}

@article{11_lim,
title = "Search for a neutron electric dipole moment",
journal = "Physics Letters B",
volume = "136",
number = "5",
pages = "327 - 330",
year = "1984",
issn = "0370-2693",
note = {[\url{https://doi.org/10.1016/0370-2693(84)92013-6}]},
url = "http://www.sciencedirect.com/science/article/pii/0370269384920136",
author = "J.M. Pendlebury and K.F. Smith and R. Golub and J. Byrne and T.J.L. McComb and T.J. Sumner and S.M. Burnett and A.R. Taylor and B. Heckel and N.F. Ramsey and K. Green and J. Morse and A.I. Kilvington and C.A. Baker and S.A. Clark and W. Mampe and P. Ageron and P.C. Miranda"
}

@article{12_lim,
title = "Search for an electric dipole moment of the neutron",
journal = "JETP Letters",
volume = "44",
number = "8",
pages = "460 - 464",
year = "1986",
note = {[\url{http://www.jetpletters.ac.ru/ps/1393/article_21119.shtml}]},
author = "Altarev I. S., Borisov Yu. V., Borovikova N. V., Brandin A. B., Egorov A. I., Ivanov S. N., Kolomenskii E. A., Lasakov M. S., Lobashev V. M., Pirozhkov A. N., Serebrov A. P., Sobolev Yu. V., Tal'daev R. R., Shul'gina B. V. "
}

@article{13_lim,
title = "A search for the electric dipole moment of the neutron",
journal = "Physics Letters B",
volume = "234",
number = "1",
pages = "191 - 196",
year = "1990",
issn = "0370-2693",
note = {[\url{https://doi.org/10.1016/0370-2693(90)92027-G}]},
url = "http://www.sciencedirect.com/science/article/pii/037026939092027G",
author = "K.F. Smith and N. Crampin and J.M. Pendlebury and D.J. Richardson and D. Shiers and K. Green and A.I. Kilvington and J. Moir and H.B. Prosper and D. Thompson and N.F. Ramsey and B.R. Heckel and S.K. Lamoreaux and P. Ageron and W. Mampe and A. Steyerl"
}

@article{14_lim,
title = "New measurement of the electric dipole moment of the neutron",
journal = "Physics Letters B",
volume = "276",
number = "1",
pages = "242 - 246",
year = "1992",
issn = "0370-2693",
note = {[\url{https://doi.org/10.1016/0370-2693(92)90571-K}]},
url = "http://www.sciencedirect.com/science/article/pii/037026939290571K",
author = "I.S. Altarev and Yu.V. Borisov and N.V. Borovikova and S.N. Ivanov and E.A. Kolomensky and M.S. Lasakov and V.M. Lobashev and V.A. Nazarenko and A.N. Pirozhkov and A.P. Serebrov and Yu.V. Sobolev and E.V. Shulgina and A.I. Yegorov"
}

@ARTICLE{15_lim,
   author = {I.S. Altarev and Yu.V. Borisov and N.V. Borovikova and S.N. Ivanov and E.A. Kolomensky and M.S. Lasakov and V.M. Lobashev and V.A. Nazarenko and A.N. Pirozhkov and A.P. Serebrov and Yu.V. Sobolev and E.V. Shulgina},
    title = "{Search for the neutron electric dipole moment}",
  journal = {Physics of Atomic Nuclei},
     year = "1996",
    month = "july",
   volume = "59",
   number = "7",
    pages = {1152-1170},
   note = {[\url{https://www.researchgate.net/publication/259067554_Search_for_the_neutron_electric_dipole_moment}]}
}
@article{16_lim,
  title = {New Experimental Limit on the Electric Dipole Moment of the Neutron},
  author = {Harris, P. G. and Baker, C. A. and Green, K. and Iaydjiev, P. and Ivanov, S. and May, D. J. R. and Pendlebury, J. M. and Shiers, D. and Smith, K. F. and van der Grinten, M. and Geltenbort, P.},
  journal = {Phys. Rev. Lett.},
  volume = {82},
  issue = {5},
  pages = {904--907},
  numpages = {0},
  year = {1999},
  month = {Feb},
  publisher = {American Physical Society},
  doi = {10.1103/PhysRevLett.82.904},
  note = {[\url{https://link.aps.org/doi/10.1103/PhysRevLett.82.904}]}
}
@article{17_lim,
  title = {Improved Experimental Limit on the Electric Dipole Moment of the Neutron},
  author = {Baker, C. A. and Doyle, D. D. and Geltenbort, P. and Green, K. and van der Grinten, M. G. D. and Harris, P. G. and Iaydjiev, P. and Ivanov, S. N. and May, D. J. R. and Pendlebury, J. M. and Richardson, J. D. and Shiers, D. and Smith, K. F.},
  journal = {Phys. Rev. Lett.},
  volume = {97},
  issue = {13},
  pages = {131801},
  numpages = {4},
  year = {2006},
  month = {Sep},
  publisher = {American Physical Society},
  doi = {10.1103/PhysRevLett.97.131801},
  note = {[\url{https://link.aps.org/doi/10.1103/PhysRevLett.97.131801}]}
}


@article{sakharov_1st_cond,
      author         = "Kolb, Edward W. and Turner, Michael S.",
      title          = "{The Early Universe}",
      journal        = "Front. Phys.",
      volume         = "69",
      year           = "1990",
      pages          = "1-547",
      SLACcitation   = "%%CITATION = FRPHA,69,1;%%"
}

     
@article{sakharov_3rd_cond,
author = {Cohen, A G and Kaplan, D B and Nelson, A E},
title = {Progress in Electroweak Baryogenesis},
journal = {Annual Review of Nuclear and Particle Science},
volume = {43},
number = {1},
pages = {27-70},
year = {1993},
doi = {10.1146/annurev.ns.43.120193.000331},
note = {[\url{https://doi.org/10.1146/annurev.ns.43.120193.000331}]},
}
    
@article{edm_reason,
  author={N F Ramsey},
  title={Electric-dipole moments of elementary particles},
  journal={Reports on Progress in Physics},
  volume={45},
  number={1},
  pages={95},
  url={http://stacks.iop.org/0034-4885/45/i=1/a=003},
  year={1982}
}

@article{nEDM_reason,
title = "Apparatus for measurement of the electric dipole moment of the neutron using a cohabiting atomic-mercury magnetometer",
journal = "Nuclear Instruments and Methods in Physics Research Section A: Accelerators, Spectrometers, Detectors and Associated Equipment",
volume = "736",
pages = "184 - 203",
year = "2014",
issn = "0168-9002",
note = {[\url{https://doi.org/10.1016/j.nima.2013.10.005}]},
url = "http://www.sciencedirect.com/science/article/pii/S0168900213013193",
author = "C.A. Baker and Y. Chibane and M. Chouder and P. Geltenbort and K. Green and P.G. Harris and B.R. Heckel and P. Iaydjiev and S.N. Ivanov and I. Kilvington and S.K. Lamoreaux and D.J. May and J.M. Pendlebury and J.D. Richardson and D.B. Shiers and K.F. Smith and M. van der Grinten"
}


@article{theory_lim_1,
title = "Theory of the neutron electric dipole moment",
journal = "Nuclear Instruments and Methods in Physics Research Section A: Accelerators, Spectrometers, Detectors and Associated Equipment",
volume = "284",
number = "1",
pages = "33 - 39",
year = "1989",
issn = "0168-9002",
note = "[\url{https://doi.org/10.1016/0168-9002(89)90243-X}]",
url = "http://www.sciencedirect.com/science/article/pii/016890028990243X",
author = "John Ellis"
}

@article{theory_lim_2,
author = {HE, XIAO-GANG and McKELLAR, BRUCE H. J. and PAKVASA, SANDIP},
title = {THE NEUTRON ELECTRIC DIPOLE MOMENT},
journal = {International Journal of Modern Physics A},
volume = {04},
number = {19},
pages = {5011-5046},
year = {1989},
doi = {10.1142/S0217751X89002144},
note = {[\url{https://doi.org/10.1142/S0217751X89002144}]}
}

@article{theory_lim_3,
author="Ellis, Sebastian A. R.
and Kane, Gordon L.",
title="Theoretical prediction and impact of fundamental electric dipole moments",
journal="Journal of High Energy Physics",
year="2016",
month="Jan",
day="13",
volume="2016",
number="1",
pages="77",
issn="1029-8479",
doi="10.1007/JHEP01(2016)077",
note="[\url{https://doi.org/10.1007/JHEP01(2016)077}]"
}

@article{ucn_storage,
title = "Storage of Cold Neutrons",
journal = "Sov. Phys. JETP",
volume = "9",
pages = "1389",
year = "1959",
note = {[\url{http://www.jetp.ac.ru/cgi-bin/dn/e_009_06_1389.pdf}]},
author = "Ya. B. Zel'dovich"
}

@MastersTHESIS{mike,
	author = {Lang, Michael},
	publisher = {The University of Manitoba},
	year = {2013},
	language = {en},
	copyright = {Michael Loren Lang},
	size = {93},
	adress = {Winnipeg, MB, Canada.},
	title = {Development of Active Magnetic Shielding for the Neutron Electric Dipole Moment Experiment at TRIUMF},
	school = {The University of Manitoba}
}

@PHDTHESIS{taraneh_theis,
	author = {Andalib, Taraneh},
	publisher = {The University of Manitoba},
	year = {2018 (Expected)},
	language = {en},
	copyright = {Taraneh Andalib},
	size = {173},
	adress = {Winnipeg, MB, Canada.},
	title = {Magnetic Fields and Ultracold Neutron Production:
Studies Towards the Neutron Electric Dipole Moment Experiment at TRIUMF},
	school = {The University of Manitoba}
}

@article{TRIUMF_UCN,
      author         = "Ahmed, S. and others",
      title          = "{First ultracold neutrons produced at TRIUMF}",
      collaboration  = "TUCAN",
      year           = "2018",
      eprint         = "1809.04071",
      archivePrefix  = "arXiv",
      primaryClass   = "physics.ins-det",
      note = {[\url{https://arxiv.org/abs/1809.04071v1}]},
      SLACcitation   = "%%CITATION = ARXIV:1809.04071;%%"
}

@article{ramsey,
  title = {A Molecular Beam Resonance Method with Separated Oscillating Fields},
  author = {Ramsey, Norman F.},
  journal = {Phys. Rev.},
  volume = {78},
  issue = {6},
  pages = {695--699},
  numpages = {0},
  year = {1950},
  month = {Jun},
  note={[\url{https://doi.org/10.1103/PhysRev.78.695}]}
  }
  
 @article{Andalib_temp,
      author         = "Andalib, T. and Martin, J. W. and Bidinosti, C. P. and
                        Mammei, R. R. and Jamieson, B. and Lang, M. and Kikawa,
                        T.",
      title          = "{Sensitivity of Fields Generated within Magnetically
                        Shielded Volumes to Changes in Magnetic Permeability}",
      journal        = "Nucl. Instrum. Meth.",
      volume         = "A867",
      year           = "2017",
      pages          = "139-147",
      note           = "[\url{https://doi.org/10.1016/j.nima.2017.05.050}]",
      eprint         = "1612.06047",
      archivePrefix  = "arXiv",
      primaryClass   = "physics.ins-det",
      SLACcitation   = "%%CITATION = ARXIV:1612.06047;%%"
}
@article{mu_cyl_1,
title = "The search for the neutron electric dipole moment at the Paul Scherrer Institute",
journal = "Physics Procedia",
volume = "17",
pages = "159 - 167",
year = "2011",
issn = "1875-3892",
note = "[\url{https://doi.org/10.1016/j.phpro.2011.06.032}]",
author = "C.A. Baker and G. Ban and K. Bodek and M. Burghoff and Z. Chowdhuri and M. Daum and M. Fertl and B. Franke and P. Geltenbort and K. Green and M.G.D. van der Grinten and E. Gutsmiedl and P.G. Harris and R. Henneck and P. Iaydjiev and S.N. Ivanov and N. Khomutov and M. Kasprzak and K. Kirch and S. Kistryn and S. Knappe-Gr̈uneberg and A. Knecht and P. Knowles and A. Kozela and B. Lauss and T. Lefort and Y. Lemi‘ere and O. Naviliat-Cuncic and J.M. Pendlebury and E. Pierre and F.M. Piegsa and G. Pignol and G. Qúeḿener and S. Roccia and P. Schmidt-Wellenburg and D. Shiers and K.F. Smith and A. Schnabel and L. Trahms and A. Weis and J. Zejma and J. Zenner and G. Zsigmond"
}

@Article{mu_cyl_2,
author="Serebrov, A. P.
and Kolomenskiy, E. A.
and Pirozhkov, A. N.
and Krasnoschekova, I. A.
and Vassiljev, A. V.
and Polushkin, A. O.
and Lasakov, M. S.
and Fomin, A. K.
and Shoka, I. V.
and Solovey, V. A.
and Zherebtsov, O. M.
and Geltenbort, P.
and Ivanov, S. N.
and Zimmer, O.
and Alexandrov, E. B.
and Dmitriev, S. P.
and Dovator, N. A.",
title="New measurements of the neutron electric dipole moment",
journal="JETP Letters",
year="2014",
month="Mar",
day="01",
volume="99",
number="1",
pages="4--8",
issn="1090-6487",
doi="10.1134/S0021364014010111",
url="[\url{https://doi.org/10.1134/S0021364014010111}]"
}

@article{mu_msr_1,
author = {Altarev,I.  and Babcock,E.  and Beck,D.  and Burghoff,M.  and Chesnevskaya,S.  and Chupp,T.  and Degenkolb,S.  and Fan,I.  and Fierlinger,P.  and Frei,A.  and Gutsmiedl,E.  and Knappe-Grüneberg,S.  and Kuchler,F.  and Lauer,T.  and Link,P.  and Lins,T.  and Marino,M.  and McAndrew,J.  and Niessen,B.  and Paul,S.  and Petzoldt,G.  and Schläpfer,U.  and Schnabel,A.  and Sharma,S.  and Singh,J.  and Stoepler,R.  and Stuiber,S.  and Sturm,M.  and Taubenheim,B.  and Trahms,L.  and Voigt,J.  and Zechlau,T. },
title = {A magnetically shielded room with ultra low residual field and gradient},
journal = {Review of Scientific Instruments},
volume = {85},
number = {7},
pages = {075106},
year = {2014},
doi = {10.1063/1.4886146},
note ={[\url{https://doi.org/10.1063/1.4886146}]}
}

@article{mu_msr_2,
      author         = "Altarev, I. and others",
      title          = "{Minimizing magnetic fields for precision experiments}",
      journal        = "J. Appl. Phys.",
      volume         = "117",
      year           = "2015",
      pages          = "233903",
      doi            = "10.1063/1.4922671",
      note         = "[\url{https://arxiv.org/abs/1501.07408}]",
      archivePrefix  = "arXiv",
      primaryClass   = "physics.ins-det",
      SLACcitation   = "%%CITATION = ARXIV:1501.07408;%%"
}

@article{mu_inner_1,
      author         = "Altarev, I. and others",
      title          = "{A next generation measurement of the electric dipole
                        moment of the neutron at the FRM II}",
      booktitle      = "{5th International Workshop on From Parity Violation to
                        Hadronic Structure and More (PAVI11) Rome, Italy,
                        September 5-9, 2011}",
      journal        = "Nuovo Cim.",
      volume         = "C035N04",
      year           = "2012",
      pages          = "122-127",
      note            = "[\url{https://doi.org/10.1393/ncc/i2012-11271-0}]",
      SLACcitation   = "%%CITATION = NUCIA,C035N04,122;%%"
}


@article{mu_inner_2,
author = {Kirch,Klaus },
title = {EDM searches},
journal = {AIP Conference Proceedings},
volume = {1560},
number = {1},
pages = {90-94},
year = {2013},
doi = {10.1063/1.4826726},
note = {[\url{https://doi.org/10.1063/1.4826726}]}
}

@article{baby_shield,
      author         = "Martin, Jeffery W. and Mammei, Russell R. and Klassen,
                        Wolfgang and Cerasani, Cameron and Andalib, Taraneh and
                        Bidinosti, Christopher P. and Lang, Michael and Ostapchuk,
                        David",
      title          = "{Large Magnetic Shielding Factor Measured by Nonlinear
                        Magneto-optical Rotation}",
      journal        = "Nucl. Instrum. Meth.",
      volume         = "A778",
      year           = "2015",
      pages          = "61-66",
      note          = "[\url{https://doi.org/10.1016/j.nima.2015.01.003}]",
      eprint         = "1411.1962",
      archivePrefix  = "arXiv",
      primaryClass   = "physics.ins-det",
      SLACcitation   = "%%CITATION = ARXIV:1411.1962;%%"
}

@misc{weather_station,
author = {Space Weather Canada},
title = {Magnetic Plotting Service},
note = {[\url{http://www.spaceweather.gc.ca/plot-tracee/mp-en.php?plot_type=magnetic}]}
}

@misc{opera,
  author = {COBHAM},
  title = {OPERA Simulation Software},
  address = {Aurora, IL, US},
  note = {[\url{https://operafea.com}]}
}

@ARTICLE{allan, 
author={D. W. Allan}, 
journal={Proceedings of the IEEE}, 
title={Statistics of atomic frequency standards}, 
year={1966}, 
volume={54}, 
number={2}, 
pages={221-230}, 
keywords={Statistics;Atomic clocks;Frequency;Fluctuations;1f noise;Measurement standards;Standards development;Sampling methods;NIST;Masers}, 
doi={10.1109/PROC.1966.4634}, 
ISSN={0018-9219}, 
month={Feb},
note= "[\url{https://doi.org/10.1109/PROC.1966.4634}]"}

@ARTICLE{allan-2, 
author={J. A. Barnes and A. R. Chi and L. S. Cutler and D. J. Healey and D. B. Leeson and T. E. McGunigal and J. A. Mullen and W. L. Smith and R. L. Sydnor and R. F. C. Vessot and G. M. R. Winkler}, 
journal={IEEE Transactions on Instrumentation and Measurement}, 
title={Characterization of Frequency Stability}, 
year={1971}, 
volume={IM-20}, 
number={2}, 
pages={105-120}, 
keywords={Time frequency analysis;Noise;Thermal stability;Stability analysis;Time measurement}, 
doi={10.1109/TIM.1971.5570702}, 
ISSN={0018-9456}, 
month={May},
note= "[\url{https://doi.org/10.1109/TIM.1971.5570702}]"}

@phdthesis {lins,
	author = "Lins, Tobias",
	title = "High Precision Physics in Low Magnetic Fields",
	type = "Dissertation",
	school = "Technische Universität München",
	address = "München",
	year = 2016,
	note = "[\url{http://mediatum.ub.tum.de/?id=1292177}]"
}

@ARTICLE{svd2, 
    author={V. Klema and A. Laub}, 
    journal={IEEE Transactions on Automatic Control}, 
    title={The singular value decomposition: Its computation and some applications}, 
    year={1980}, 
    volume={25}, 
    number={2}, 
    pages={164-176}, 
    doi={10.1109/TAC.1980.1102314}, 
    ISSN={0018-9286}, 
    month={April},
    note= "[\url{https://doi.org/10.1109/TAC.1980.1102314}]"}
@article{svd_complex,
     author = {Autonne, L.},
     title = {Sur les groupes lin\'eaires, r\'eels et orthogonaux},
     journal = {Bulletin de la Soci\'et\'e Math\'ematique de France},
     publisher = {Soci\'et\'e math\'ematique de France},
     volume = {30},
     year = {1902},
     pages = {121-134},
     doi = {10.24033/bsmf.665},
     language = {fr},
     url = {http://www.numdam.org/item/BSMF_1902__30__121_1},
     note= "[\url{https://doi.org/10.24033/bsmf.665}]"
}

@book{tikhonov_book,
author = {Hansen, P. and Nagy, J. and O'Leary, D.},
title = {Deblurring Images},
publisher = {Society for Industrial and Applied Mathematics},
year = {2006},
doi = {10.1137/1.9780898718874},
address = {},
edition   = {},
URL = {https://epubs.siam.org/doi/abs/10.1137/1.9780898718874},
eprint = {https://epubs.siam.org/doi/pdf/10.1137/1.9780898718874},
note = "See \S Chapter 1, \S Chapter 5, and \S Chapter 6 ."
}

@book{svd4,
author = {Hansen, P. and Nagy, J. and O'Leary, D.},
title = {The Image Deblurring Problem},
publisher = {Society for Industrial and Applied Mathematics},
year = {2006},
doi = {10.1137/1.9780898718874},
address = {},
edition   = {},
URL = {https://https://doi.org/10.1137/1.9780898718874.ch1},
eprint = {https://epubs.siam.org/doi/pdf/10.1137/1.9780898718874},
note = "[\url{https://doi.org/10.1137/1.9780898718874.ch1}]",
}

@article {svd3,
	title = {Portfolio Selection Using Tikhonov Filtering to Estimate the Covariance Matrix},
	journal = {SIAM Journal on Financial Mathematics},
	volume = {1},
	year = {2010},
	month = {2010///},
	pages = {932 - 961},
	doi = {10.1137/090749372},
	url = {http://link.aip.org/link/?SJF/1/932/1},
	author = {Park,Sungwoo and O{\textquoteright}Leary, Dianne P.},
    note= "[\url{https://doi.org/10.1137/090749372}]"
}

@article{field_abel,
      author         = "Abel, C. et al.",
      title          = "{Magnetic field uniformity in neutron electric dipole
                        moment experiments}",
      year           = "2018",
      eprint         = "1811.06085",
      archivePrefix  = "arXiv",
      primaryClass   = "physics.ins-det",
      SLACcitation   = "%%CITATION = ARXIV:1811.06085;%%",
      note          = "[\url{https://arxiv.org/pdf/1811.06085}]"
}

@article{field_jeff,
      author         = "Klassen, W. and Martin, J. W. and Pignol, G.",
      title          = "{Wigner-Eckart Theorem and the False EDM of $^{199}$Hg}",
      year           = "2018",
      eprint         = "1811.12262",
      archivePrefix  = "arXiv",
      primaryClass   = "nucl-th",
      SLACcitation   = "%%CITATION = ARXIV:1811.12262;%%",
      note          = "[\url{https://arxiv.org/pdf/1811.12262}]"
}
